{1:F21CADIKHPPAXXX6650916819}{4:{177:2403111016}{451:0}}{1:F01CADIKHPPAXXX6650916819}{2:O9501922240307CZNBKRSEAXXX42201721072403110915N}{3:{108:1952854880}}{4:
:20:8G08USD013045001
:25:8G08USD013
:28C:00045/001
:60F:C240307USD2886378,86
:61:2403070307CD560,NTRFNONREF//OT07YB2403000013
:62F:C240307USD2886938,86
-}{5:{CHK:2A2161F8B64D}{DLM:}}{S:{COP:S}}