{1:F21CADIKHPPAXXX6650916956}{4:{177:2403111017}{451:0}}{1:F01CADIKHPPAXXX6650916956}{2:O9500427240309SCBLHKHHCXXX20503272472403110917N}{3:{108:ES95024030956226}}{4:
:20:0309049514800001
:25:44710495148
:28C:00055/00001
:60F:C240307USD6813917,39
:61:2403080308C1548,00NMSC202OT24030800958//202OT24030800958
:62F:C240308USD6815465,39
:64:C240308USD6815465,39
-}{5:{CHK:D3441D035EB2}{DLM:}}{S:{COP:S}}