{1:F21CADIKHPPAXXX6650916903}{4:{177:2403111017}{451:0}}{1:F01CADIKHPPAXXX6650916903}{2:O9501926240307PNBPUS3NDNYC19102530852403110916N}{4:
:20:IS0259-02-240307
:25:2000191005174
:28C:00046/00002
:60M:C240307USD207636,94
:61:2403070307CD14491,26NTRF2024030700508165//2024030700508165
B/O:SHANG HONG INTERNATIONAL (HONG
:61:2403070307CD15000,00NTRF2024030700556045//2024030700556045
B/O:SREYNEANG SENG
:61:2403070307CD17890,50NTRF2024030700508144//2024030700508144
B/O:SHANG HONG INTERNATIONAL (HONG
:61:2403070307CD23750,12NTRF2024030700506141//2024030700506141
B/O:YANTAI GARMENTS (HK) CO LTD
:61:2403070307CD25000,00NTRF2024030700610868//2024030700610912
B/O:LOEUTH SENG COOPER
:61:2403070307CD26073,22NTRF2024030700544045//2024030700544045
B/O:FORTUNE RICHES LIMITED
:61:2403070307CD36334,65NTRF2024030700542236//2024030700542236
B/O:HANGZHOU HS FASHION INTERNATIO
:61:2403070307CD48969,00NTRF2024030700512138//2024030700512138
B/O:SUNN LONG (HONG KONG) INTERNAT
:61:2403070307CD53106,89NTRF2024030700506050//2024030700506050
B/O:WEI DA GLOVES COMPANY LIMITED
:61:2403070307CD59796,60NTRF2024030700506333//2024030700506333
B/O:WEI DA GLOVES COMPANY LIMITED
:61:2403070307CD61800,00NTRF292-3574106//2024030700528546
B/O:MUFG BANK, LTD.
:61:2403070307CD72071,62NTRF2024030700550322//2024030700550322
B/O:FORTUNE RICHES LIMITED
:61:2403070307CD80964,75NTRF2024030700508172//2024030700508172
B/O:SHANG HONG INTERNATIONAL (HONG
:62M:C240307USD742885,55
-}{5:{CHK:D005C4184209}{DLM:}}{S:{COP:S}}