{1:F21CADIKHPPAXXX6650916859}{4:{177:2403111016}{451:0}}{1:F01CADIKHPPAXXX6650916859}{2:O9500421240308COMMCNSHAXXX42545044042403110916N}{4:
:20:CADI2024USD00000
:25:315800142320690004288
:28C:1360/1
:60F:C240305USD625478,09
:61:2403070307DD580,NTRFFT240673CNGN//BC2403072873753A
:61:2403070307DD30830,NTRFFT24067K8GLB//BC2403072873736A
:62F:C240307USD594068,09
:64:C240307USD594068,09
-}{5:{CHK:7891DDCB42EB}{DLM:}}{S:{COP:S}}