{1:F21CADIKHPPAXXX6650916874}{4:{177:2403111016}{451:0}}{1:F01CADIKHPPAXXX6650916874}{2:O9500427240308SCBLHKHHCXXX20502703782403110916N}{3:{108:ES95024030851652}}{4:
:20:0308049514800001
:25:44710495148
:28C:00054/00001
:60F:C240306USD6762239,75
:61:2403070307C1980,00NMSC202OT24030704885//202OT24030704885
:61:2403070307C61800,00NMSC202OT24030701932//202OT24030701932
:61:2403070307C187897,64NMSC202OT24030701007//202OT24030701007
:61:2403070307D200000,00NMSCFT24067YKC29 //202IT24030718136
FROM /0010006423197 HUANG GENGHUAI
:62F:C240307USD6813917,39
:64:C240307USD6813917,39
-}{5:{CHK:305D9B40CD1D}{DLM:}}{S:{COP:S}}