{1:F21CADIKHPPAXXX6650916840}{4:{177:2403111016}{451:0}}{1:F01CADIKHPPAXXX6650916840}{2:O9502319240307SCBLDEFXDXXX01386480912403110916N}{3:{108:202403070416824}}{4:
:20:0307118190600001
:25:018122207
:28C:2997/1
:60F:C240306EUR242273,43
:61:2403070307CR1000,00NTRF240306132262//240306132262
ORP 1/DR. JOACHIM BUERGER BNP 059-
:61:2403070307CR1663,49NTRF240307072186//240307072186
ORP SERVICE FEDERAL DES PENSIONS B
:61:2403070307DR25723,13NTRFFT2406757ZZW//240307089182
:61:2403070307DR15,00FCHGFT2406757ZZW//240307089182
CHARGES
:61:2403070307DR2713,55NTRFFT24067WB0B9//240307099153
:61:2403070307DR2,50NTRFBILL: 38462572//202403070080310
ACT FEE FEB-2024
:61:2403070307CR31,41NTRFBILL: 38462572//202403070080311
BNDREB FEB-2024
:62F:C240307EUR216514,15
:64:C240307EUR216514,15
-}{5:{CHK:7F4AE3EA3CC7}{DLM:}}{S:{COP:S}}