{1:F21CADIKHPPAXXX6650916904}{4:{177:2403111017}{451:0}}{1:F01CADIKHPPAXXX6650916904}{2:O9501926240307PNBPUS3NDNYC19102530862403110916N}{4:
:20:IS0259-03-240307
:25:2000191005174
:28C:00046/00003
:60M:C240307USD742885,55
:61:2403070307CD89515,50NTRF2024030700506637//2024030700506637
B/O:WEI DA GLOVES COMPANY LIMITED
:61:2403070307CD10000000,00NTRFSWF OF 24/03/07//2024030700554452
B/O:CANADIA BANK PLC
:61:2403070307CD14000000,00NTRFSWF OF 24/03/07//2024030700512116
B/O:CANADIA BANK PLC
:61:2403070307CD23268012,28NMSCINVESTMNT 030624//V035599/030724
  2197.33 INT  3.40000 PCT. 1 DAY
:61:2403070307DD781,00NTRFFT24067L4Y79//2024030700535542
BEN:DOLPHIN LOGISTICS SUPPLY CHAIN
:61:2403070307DD871,32NTRFFT24067YPKDH//2024030700556814
BEN:QINGDAO LITTLE GIANT ANIMAL
:61:2403070307DD903,00NTRFFT24067371LK//2024030700551409
BEN:UNITED BIOTECH (P) LIMITED
:61:2403070307DD1126,00NTRFFT24064LXL57//2024030700558244
BEN:ABRECO FREIGHT L.L.C
:61:2403070307DD1806,12NTRFFT24067VJ3DY//2024030700559943
BEN:ADUANAS ALIE SAU
:61:2403070307DD1830,00NTRFFT24067S2QDM//2024030700531783
BEN:ZHENGZHOU SMARTGEN ELECTRICAL
:61:2403070307DD2000,00NTRFFT24067GW5XJ//2024030700554142
BEN:SHANGHAI KJ IMPORT AND EXPORT
:61:2403070307DD2697,18NTRFFT24067234W2//2024030700559669
BEN:YUEQING SIQI IMPORT AND EXPORT
:61:2403070307DD3000,00NTRFFT24067MS2MG//2024030700560007
BEN:HEW KA TEEN GERARD
:62M:C240307USD48085398,71
-}{5:{CHK:E765AD8FC992}{DLM:}}{S:{COP:S}}