{1:F21CADIKHPPAXXX6650916917}{4:{177:2403111017}{451:0}}{1:F01CADIKHPPAXXX6650916917}{2:O9500408240309OCBCSGSGAXXX90361914042403110917N}{4:
:20:ACU2024030800115
:25:503540270301
:28C:56/1
:60F:C240307USD23826404,66
:61:2403080308C33284,NMSCSGTT240308919694//CT0031071521M001
CHECKING A/C DEP
:62F:C240308USD23859688,66
-}{5:{CHK:E4599CFC0758}{DLM:}}{S:{COP:S}}