{1:F21CADIKHPPAXXX6650916960}{4:{177:2403111017}{451:0}}{1:F01CADIKHPPAXXX6650916960}{2:O9500408240309OCBCSGSGAXXX90361913772403110917N}{4:
:20:ACU2024030800083
:25:503257610201
:28C:56/1
:60F:C240307GBP76963,07
:61:2403080308D1730,NMSCFT24067WS8D2//CT0031067034M001
CALL A/C WDL
:61:2403080308D50000,NMSCFT24067NP3T6//CT0031067052M001
CALL A/C WDL
:62F:C240308GBP25233,07
-}{5:{CHK:3E659524394B}{DLM:}}{S:{COP:S}}