{1:F21CADIKHPPAXXX6650916907}{4:{177:2403111017}{451:0}}{1:F01CADIKHPPAXXX6650916907}{2:O9501926240307PNBPUS3NDNYC19102530882403110917N}{4:
:20:IS0259-06-240307
:25:2000191005174
:28C:00046/00006
:60M:C240307USD47519589,09
:61:2403070307DD390587,51NTRFFT24067Z78FM//2024030700554817
BEN:DIEN QUANG GROUP JOINT STOCK
:61:2403070307DD47029001,58NMSCINVESTMNT 030724//V035599/030724
INVESTMENT PLACED AT  3.40000 PCT.
:62F:C240307USD100000,00
:64:C240307USD100000,00
-}{5:{CHK:464A70EB3FDB}{DLM:}}{S:{COP:S}}