{1:F21CADIKHPPAXXX6650916984}{4:{177:2403111018}{451:0}}{1:F01CADIKHPPAXXX6650916984}{2:O9502008240308SCBLUS33BXXX30661816762403110917N}{3:{108:202403080006183}}{4:
:20:2024386143979
:25:3582050368001
:28C:3818/1
:60F:C240307USD18892557,48
:61:2403080308CD276,73NTRF2024030700252583//2024030800150209
0227413 0959 VIATOR INC
:61:2403080308CD371,61NTRF2024030800162201//2024030800152966
0231713 0959 BETHESDA HALL DEPOT W
:61:2403080308CD425,75NTRFFTS2403081397500//2024030800243668
0430846 0001 FALCON LOGISTICS SOLU
:61:2403080308CD690,00NTRF2024030800314673//2024030800229062
0397140 0959 RELIANT MISSION INC
:61:2403080308CD760,50NTRF2024030700247125//2024030800148521
0224856 0959 VIATOR INC
:61:2403080308CD895,66NTRFG0140672630601//2024030800056419
021000089 BUPA INSURANCE SERVICES
:61:2403080308CD940,05NTRFG0140662498901//2024030800177447
021000089 HENNER-GMC
:61:2403080308CD941,79NTRFS0640680B8BC01//2024030800094770
0146060 0008 THAI AIRWAYS INTL PUB
:61:2403080308CD1315,00NTRFALLH4RTA00890//2024030800143265
FROM.TAIWAN COOPERATIVE BANK
:61:2403080308CD3110,64NTRF2024030700249797//2024030800149518
0226308 0959 VIATOR INC
:61:2403080308CD3242,00NTRF3039TT3024426735//2024030800010174
FROM.NATIONAL AUSTRALIA BANK LIMIT
:61:2403080308CD3600,00NTRF4AQEW7300009//2024030800122926
0185640 0001 CHANG HWA COMMERCIAL
:62M:C240308USD18909127,21
-}{5:{CHK:84F1C140FCE1}{DLM:}}{S:{COP:S}}