{1:F21CADIKHPPAXXX6650916987}{4:{177:2403111018}{451:0}}{1:F01CADIKHPPAXXX6650916987}{2:O9502009240308SCBLUS33BXXX30661817112403110918N}{3:{108:202403080006184}}{4:
:20:2024386143979
:25:3582050368001
:28C:3818/2
:60M:C240308USD18909127,21
:61:2403080308CD4955,00NTRF2024030800432450//2024030800268243
0481388 0959 MR THANH VI LUONG
:61:2403080308CD9982,00NTRF2024030800486172//2024030800283699
0509238 0959 SAM L SEBESTA ESTATE
:61:2403080308CD10927,08NTRF2024030700529245//2024030800059437
0070555 0959 SREYNUON LONG
:61:2403080308CD13000,00NTRFFTJ2403080096566//2024030800216717
0366057 0001 //FW137842597
:61:2403080308CD14306,79NTRFF5S2403089462200//2024030800127408
0194824 0001 AZAZIE HONG KONG LIMI
:61:2403080308CD14368,00NTRF2024030800074334//2024030800046729
0030423 0959 NEWS TRAVEL
:61:2403080308CD20965,00NTRFRTL001  7125593//2024030800254921
0455477 0103 SORPHANN KAO
:61:2403080308CD25000,00NTRF2024030800461995//2024030800277210
0497045 0959 KIMHONG EER PENG HOUR
:61:2403080308CD27935,89NTRFS064068126F301//2024030800168701
0259562 0008 MONEYGRAM PAYMENT SYS
:61:2403080308CD42275,88NTRFS06406738E0101//2024030800087362
0122025 0008 TELSTRA INTERNATIONAL
:61:2403080308CD46985,00NTRFF9S2403088686500//2024030800142457
0211866 0001 FUJIAN HAILITIAN FOOD
:61:2403080308CD89250,00NTRF2024030800378811//2024030800251339
0447785 0959 TARGUS US LLC MAIN AC
:61:2403080308CD111163,20NTRF2024030800471623//2024030800279862
0502602 0959 HARBOR FREIGHT TOOLS
:62M:C240308USD19340241,05
-}{5:{CHK:5C8F747ACF42}{DLM:}}{S:{COP:S}}