{1:F21CADIKHPPAXXX6650916902}{4:{177:2403111017}{451:0}}{1:F01CADIKHPPAXXX6650916902}{2:O9501926240307PNBPUS3NDNYC19102530842403110916N}{4:
:20:IS0259-01-240307
:25:2000191005174
:28C:00046/00001
:60F:C240307USD100000,00
:61:2403070307CD427,01NTRF2024030700502167//2024030700502167
B/O:JAC FAMILY TRUST
:61:2403070307CD960,00NTRFFT24064K419F//2024030700514681
B/O:AGRICULTURAL BANK OF CHINA, TH
:61:2403070307CD1210,00NTRF2024030700507917//2024030700507917
B/O:SOPHANNA EAV
:61:2403070307CD6587,50NTRF2024030700508170//2024030700508170
B/O:SHANG HONG INTERNATIONAL (HONG
:61:2403070307CD8090,00NTRFSWF OF 24/03/07//2024030700528511
B/O:HAI FENG POLYBAGS PRINTING CO
:61:2403070307CD8460,68NTRF2024030700515116//2024030700515116
B/O:LIU YANYAN
:61:2403070307CD9835,29NTRF2024030500596074//2024030500596074
B/O:M OU MME DOMINIQUE AN
:61:2403070307CD10000,00NTRF2024030700553393//2024030700553393
B/O:RICHARD F SWEET
:61:2403070307CD10000,00NTRF2024030700507666//2024030700507666
B/O:HENDRA HALIM
:61:2403070307CD11000,00NTRF2024030700590307//2024030700590307
B/O:JAMES L PLAMONDON
:61:2403070307CD13500,00NTRF500TTS-29728706//2024030700526624
B/O:SUMITOMO MITSUI BANKING CORPOR
:61:2403070307CD13624,50NTRF2024030700509776//2024030700509776
B/O:DALIAN JINGTAILAN GARMENT CO
:61:2403070307CD13941,96NTRF2024030700520378//2024030700520378
B/O:DALIAN JINGTAILAN GARMENT CO
:62M:C240307USD207636,94
-}{5:{CHK:3D43D38E2732}{DLM:}}{S:{COP:S}}