{1:F21CADIKHPPAXXX6650916966}{4:{177:2403111017}{451:0}}{1:F01CADIKHPPAXXX6650916966}{2:O9502009240307SCBLUS33AXXX13486370252403110917N}{3:{108:202403070008623}}{4:
:20:2024376139143
:25:3582050368001
:28C:3817/3
:60M:C240307USD19121050,76
:61:2403070307CD23970,00NTRFSZX240306MS07023//2024030700046160
FROM.CHINA CONSTRUCTION BANK CORPO
:61:2403070307CD29956,00NTRFS06406716D7001//2024030700144655
0210945 0008 BEIJING YIQUFEI BUSIN
:61:2403070307CD39995,00NTRF2024030700276733//2024030700276778
FROM.FED BEN ZIONS BANCORPORATION
:61:2403070307CD41576,47NTRF2024030700518186//2024030700309014
0538453 0959 EMERSON TOOL COMPANY
:61:2403070307CD41603,00NTRFS064067124A601//2024030700173039
0266029 0008 MONEYGRAM PAYMENT SYS
:61:2403070307CD48735,00NTRFF9S2403076025300//2024030700130168
0194657 0001 FUJIAN HAILITIAN FOOD
:61:2403070307CD56777,00NTRF2024030700129153//2024030700105058
0146947 0959 MS HAN GENXIA
:61:2403070307CD81599,54NTRFF9S2403065729700//2024030700063714
0072811 0001 GOLDEN TAURUS GROUP L
:61:2403070307CD98278,30NTRFS0640673216D01//2024030700264184
0461326 0008 DIAMOND BASEBALL COMP
:61:2403070307CD127259,50NTRFC520937OCP030724//2024030700269575
0468920 0103 1/HONGKONG HENGRUN TR
:61:2403070307CD142798,67NTRFS064067124BA01//2024030700173032
0266003 0008 MONEYGRAM PAYMENT SYS
:61:2403070307CD160026,03NTRFST13012403070473//2024030700122022
FROM.STANDARD CHARTERED BANK CHINA
:61:2403070307DD986,00FCHGNONREF//BILL: 38432059
SERVICE CHARGES 29-FEB-2024
:62M:C240307USD20012639,27
-}{5:{CHK:29348B2EA8C2}{DLM:}}{S:{COP:S}}