{1:F21CADIKHPPAXXX6650916831}{4:{177:2403111016}{451:0}}{1:F01CADIKHPPAXXX6650916831}{2:O9500122240308KOEXKRSEAXXX64662237972403110916N}{3:{108:2403089000131000}}{4:
:20:KEB HANA BANK
:25:963-THR-230-01-0
:28C:04914/001
:60F:C240307USD627681,56
:61:2403070307CD149,29NTRF1398OTT240302218//1398TBR243070002
1398OTT240302218Wongok-Dong Foreig
:61:2403070307CD500,NTRF1398OTT240302364//1398TBR243070003
1398OTT240302364Wongok-Dong Foreig
:61:2403070307CD7448,94NTRF1398OTT240302114//1398TBR243070001
1398OTT240302114Wongok-Dong Foreig
:62F:C240307USD635779,79
-}{5:{CHK:4FA1675E15E6}{DLM:}}{S:{COP:S}}