{1:F21CADIKHPPAXXX6650916942}{4:{177:2403111017}{451:0}}{1:F01CADIKHPPAXXX6650916942}{2:O9500408240309OCBCSGSGAXXX90361912462403110917N}{4:
:20:ACU2024030800080
:25:503257586201
:28C:56/1
:60F:C240307AUD19396,81
:61:2403080308C12000,NMSC569737//ICP/3011-650088
CALL A/C TT DEP
:61:2403080308C76405,NMSCMXFXD153591539//ICP/3011-651739
CALL A/C TT DEP
:61:2403080308C76394,NMSCMXFXD153599376//ICP/3011-651803
CALL A/C TT DEP
:61:2403080308C3050,NMSCMXFXD153590496//ICP/3011-651807
CALL A/C TT DEP
:61:2403080308D76405,87NMSCFT24067VGRSQ//CT0031060776M001
CALL A/C WDL
:61:2403080308D20000,NMSCFT24067JV5T0//CT0031065648M001
CALL A/C WDL
:61:2403080308D76394,19NMSCFT2406782CCX//CT0031063757M001
CALL A/C WDL
:62F:C240308AUD14445,75
-}{5:{CHK:C594FFAA7650}{DLM:}}{S:{COP:S}}