{1:F21CADIKHPPAXXX6650916963}{4:{177:2403111017}{451:0}}{1:F01CADIKHPPAXXX6650916963}{2:O9400504240309KRTHTHBKAXXX57276737722403110917N}{4:
:20:240308800002323
:25:800000000461
:28C:48/1
:60F:C240308USD102481,48
:61:2403080308D49959,20NTRFSEQ1215001
:86:TRC XIFDWT: Inward FCD TRF Withdr
awal C/A BRANCH 108562 UID 98020 
THEIR REF FT24067G7GMZ COMMENT FT
24067G7GMZ
:62F:C240308USD52522,28
:64:C240308USD52522,28
-}{5:{CHK:62651CC2799A}{DLM:}}{S:{COP:S}}