{1:F21CADIKHPPAXXX6650916971}{4:{177:2403111017}{451:0}}{1:F01CADIKHPPAXXX6650916971}{2:O9501940240307CHASUS33QXXX03358692882403110917N}{3:{108:DDA03071109378}}{4:
:20:ST03070652213098
:25:652213098
:28C:00046/00003
:60M:C240307USD34047783,64
:61:240307DD158622,29S103FT24067PJTR2//R-9334146067FS
HSBC BANK USA, N.A. NEW YORK NY 10
:61:240307DD45000,00S103FT24067CHHX5//R-5921224067FS
BANK OF CHINA LIMITED HEAD OFFICE 
:61:240307DD40000,00S103FT24067W11FW//5423074067FS
JPMORGAN CHASE BANK N A HONG KONG 
:61:240307DD39900,00S103FT24066G9QTK//0121327067FS
BANGKOK BANK PUBLIC CO LTD BANGKOK
:61:240307DD26580,48S103FT24067V4QFB//0406597067FS
BCHASSGSG
:61:240307DD20000,00S103FT240677PXGC//R-9077346067FS
PLAINSCAPITAL BANK LUBBOCK TX 7940
:61:240307DD12225,00S103FT24067CBZSJ//5910934067FS
JPMORGAN CHASE BANK N A HONG KONG 
:61:240307DD10627,00S103FT24067F80TK//1163609067FS
JPMORGAN CHASE BANK N A HONG KONG 
:61:240307DD10210,70S103FT2406723XLD//6658963067FS
MAYBANK SINGAPORE LIMITED SINGAPOR
:61:240307DD9981,00S103FT240676WG5T//3993965067FS
JPMORGAN CHASE BANK N A HONG KONG 
:61:240307DD8500,00S103FT24067FMZZH//5759014067FS
CITIBANK N.A. NEW YORK NY US
:61:240307DD8000,00S103FT24067Q1YRG//5928364067FS
JPMORGAN CHASE BANK N A HONG KONG 
:61:240307DD7882,00S103FT24067Q98QL//1464779067FS
TRUSTONE FINANCIAL PLYMOUTH MN 554
:61:240307DD7500,00S103FT24067RV263//0357007067FS
MUFG BANK, LTD. TOKYO JAPAN 100-8-
:61:240307DD6973,50S103FT24067CYQHK//R-3733705067FS
BANK OF CHINA LIMITED HEAD OFFICE 
:61:240307DD5400,00S103FT24067JQFRT//9363616067FS
JUN SEONG LEE LOS ANGELES CA 90020
:61:240307DD5000,00S103FT24067XRG4M//4251288067FS
CHINA MERCHANTS BANK CO.,LTD SHENZ
:61:240307DD3720,00S103FT24067FQTPH//5740474067FS
TAIPEI FUBON COMMERCIAL BANK CO LT
:61:240307DD3600,00S103FT24067G0N6C//R-5757414067FS
HSBC BANK USA, N.A. NEW YORK NY 10
:62M:C240307USD33618061,67
-}{5:{CHK:3A059A223C64}{DLM:}}{S:{COP:S}}