{1:F21CADIKHPPAXXX6650916908}{4:{177:2403111017}{451:0}}{1:F01CADIKHPPAXXX6650916908}{2:O9502009240307SCBLUS33AXXX13486370552403110917N}{3:{108:202403070008689}}{4:
:20:2024376139164
:25:3582050368002
:28C:3111/1
:60F:C240306USD3177039,73
:61:2403070307CD27,21NTRFNONREF//2024030700049023
FROM.BANK OF CHINA LIMITED
:61:2403070307CD3530,83NTRFCAP OF 24.03.05//2024030700041332
021000021 MASTERCARD INTERNATIONAL
:61:2403070307CD34337,51NTRFCAP OF 24.03.07//2024030700258968
021000021 MASTERCARD INTERNATIONAL
:61:2403070307DD675,00FCHGNONREF//BILL: 38484824
SERVICE CHARGES 29-FEB-2024
:61:2403070307DD8856,50NTRF2211400067JO//2024030700224739
0307B1Q9282C003679 CANADIA BANK PL
:62F:C240307USD3205403,78
:64:C240307USD3205403,78
-}{5:{CHK:C585EBC359E1}{DLM:}}{S:{COP:S}}