{1:F21CADIKHPPAXXX6650916965}{4:{177:2403111017}{451:0}}{1:F01CADIKHPPAXXX6650916965}{2:O9502218240308COBADEFFFXXX22252056792403110917N}{4:
:20:00OPAR9ZJ163CGN0
:25:400887778900 EUR
:28C:49/1
:60F:C240307EUR224415,08
:61:2403080308D42,NCOMCB14EUR24030S6MV//CB14EUR24030S6MV
SETTLEMENT OF PAYMENT SERVICES
:61:2403080308C100,S103FAAN406800960900//FAAN406800960900
:62F:C240308EUR224473,08
:64:C240308EUR224473,08
-}{5:{CHK:AC2E1678DAEC}{DLM:}}{S:{COP:S}}