{1:F21CADIKHPPAXXX6650916916}{4:{177:2403111017}{451:0}}{1:F01CADIKHPPAXXX6650916916}{2:O9502009240307SCBLUS33AXXX13486370102403110917N}{3:{108:202403070008622}}{4:
:20:2024376139143
:25:3582050368001
:28C:3817/2
:60M:C240307USD19007344,96
:61:2403070307CD3838,70NTRFF3S2403066731100//2024030700045005
0015983 0001 S AND G INTERNATIONAL
:61:2403070307CD4250,00NTRFF3S2403066740200//2024030700072943
0096231 0001 BUDHI HARTONO SETIADI
:61:2403070307CD4972,59NTRFF3S2403066955400//2024030700089936
0132191 0001 LEADWAY INTERNATIONAL
:61:2403070307CD5029,00FCHGNONREF//BILL: 38432059
REBATES 29-FEB-2024
:61:2403070307CD5030,25NTRFF3S2403076832000//2024030700107665
0150939 0001 CHUAN LIH INTERNATION
:61:2403070307CD5282,00NTRF2024030600517036//2024030700050535
0057906 0959 EF CULTURAL TOURS GMB
:61:2403070307CD6580,00NTRFSZX240307MS05191//2024030700115663
FROM.CHINA CONSTRUCTION BANK CORPO
:61:2403070307CD7302,00NTRF2024030700337696//2024030700248741
0429847 0959 BROOKFIELD AVIATION I
:61:2403070307CD8921,41NTRFFDT77124000096//2024030700126786
FROM.WOORI BANK
:61:2403070307CD9970,00NTRFF5S2403068146700//2024030700053605
0064024 0001 BODY FACTORY SDN. BHD
:61:2403070307CD12459,50NTRFS0640670465901//2024030700044008
021000089 HS FASHION HONG KONG LIM
:61:2403070307CD16343,35NTRFS06406705E1501//2024030700058202
021000089 LONGGANG ZHENYU TRADING
:61:2403070307CD23727,00NTRFS0640670EE6101//2024030700114522
0168248 0008 WENZHOU ROYAL DRAGON
:62M:C240307USD19121050,76
-}{5:{CHK:A668AF2895AF}{DLM:}}{S:{COP:S}}