{1:F21CADIKHPPAXXX6650916913}{4:{177:2403111017}{451:0}}{1:F01CADIKHPPAXXX6650916913}{2:O9501939240307CHASUS33OXXX03557202072403110917N}{3:{108:DDA03071109379}}{4:
:20:ST03070652213098
:25:652213098
:28C:00046/00004
:60M:C240307USD33618061,67
:61:240307DD3200,00S103FT240671SKJK//0121337067FS
THE BANK OF YOKOHAMA LTD TOKYO PC 
:61:240307DD2649,03S103FT24067W5W37//R-5858134067FS
HSBC BANK USA, N.A. NEW YORK NY 10
:61:240307DD2469,21S103FT24067M4FQV//5833904067FS
BANK OF AMERICA, N.A. NEW YORK NY 
:62F:C240307USD33609743,43
:64:C240307USD33609743,43
-}{5:{CHK:92129FEFC0DF}{DLM:}}{S:{COP:S}}