{1:F21CADIKHPPAXXX6650916839}{4:{177:2403111016}{451:0}}{1:F01CADIKHPPAXXX6650916839}{2:O9500408240308OCBCSGSGAXXX90341588762403110916N}{4:
:20:9502024030700231
:25:713649804001
:28C:55/1
:60F:C240306SGD27914,55
:61:2403070307C217527,NTRFMXFXD153606237//IM24030700418300
B/O KASITHBKXXX
:61:2403070307D217572,26S103FT240675KT8W//2024030701005100
B/O JIANG HAICHAO
:62F:C240307SGD27869,29
-}{5:{CHK:899FA60994C3}{DLM:}}{S:{COP:S}}