{1:F21CADIKHPPAXXX6650916844}{4:{177:2403111016}{451:0}}{1:F01CADIKHPPAXXX6650916844}{2:O9500428240308KASITHBKAXXX57136717062403110916N}{4:
:20:400/PH
:25:099 1 39441 9
:28C:47/00001
:60F:C240307THB63946030,77
:61:240307D6438911,26NTRFFT24065CC5N0//IR24191937
:61:240307D952461,51NTRFFT24066BB1WQ//IR24192571
:61:240307D309355,68NTRFFT24066SNTND//IR24193323
:61:240307D35310,NTRFFT24066X2P23//IR24192583
:62F:C240307THB56209992,32
:64:C240307THB56209992,32
-}{5:{CHK:C1DFC20F7CE8}{DLM:}}{S:{COP:S}}