{1:F21CADIKHPPAXXX6650916856}{4:{177:2403111016}{451:0}}{1:F01CADIKHPPAXXX6650916856}{2:O9500349240308DBSSSGSGBXXX04384964802403110916N}{4:
:20:CBKG/2403071488
:25:0710-000265-01-9
:28C:00307/001
:60F:C240307USD842473,27
:61:240307C129911,01NMSCREF//DEP
0016OT4843532
:62F:C240307USD972384,28
-}{5:{CHK:0CE5F8CF4FE4}{DLM:}}{S:{COP:S}}