{1:F21CADIKHPPAXXX6650916995}{4:{177:2403111018}{451:0}}{1:F01CADIKHPPAXXX6650916995}{2:O9500803240310DBSSSGSGCXXX04285693412403110918N}{4:
:20:CBKG/2403091505
:25:0710-000265-01-9
:28C:00309/001
:60F:C240309USD972384,28
:61:240309C30,55NMSCREF//DEP
0016OT4935545
:61:240309C1949,99NMSCREF//DEP
0016OT4937682
:61:240309C4000,00NMSCREF//DEP
0016OT4959609
:62F:C240309USD978364,82
-}{5:{CHK:C9FAF87542E8}{DLM:}}{S:{COP:S}}