{1:F21CADIKHPPAXXX6650916974}{4:{177:2403111017}{451:0}}{1:F01CADIKHPPAXXX6650916974}{2:O9502009240307SCBLUS33AXXX13486369942403110917N}{3:{108:202403070008621}}{4:
:20:2024376139143
:25:3582050368001
:28C:3817/1
:60F:C240306USD18991671,62
:61:2403070307CD55,00NTRFS0640670832D01//2024030700070725
0091603 0008 1/RETO RHUNKE
:61:2403070307CD268,82NTRF0234138166//2024030700161068
0242833 0378 1/APPLE INC
:61:2403070307CD466,94NTRF2024030600429458//2024030700047914
0050607 0959 PET, PUTHEAREN
:61:2403070307CD532,27NTRF2024030700017948//2024030700046027
0013163 0959 DARA CHOUN
:61:2403070307CD663,50NTRFS0640670EF1E01//2024030700114815
0168573 0008 ROLF GUDEL
:61:2403070307CD1160,11NTRFF1S2403077803000//2024030700128994
0192410 0001 1/S CHEER HK CO.,LIMI
:61:2403070307CD1347,60NTRFZJX36OR2478230//2024030700042009
FROM.CHINA CONSTRUCTION BANK CORPO
:61:2403070307CD1400,00NTRFSZX240307MS06502//2024030700144653
FROM.CHINA CONSTRUCTION BANK CORPO
:61:2403070307CD1902,00NTRF2024030600517061//2024030700050249
0057882 0959 EF CULTURAL TOURS GMB
:61:2403070307CD2061,00NTRFC558178OCP030724//2024030700280361
0489328 0103 MEXJAL DE OCCIDENTE S
:61:2403070307CD2801,60NTRF2024030700156535//2024030700156055
0235680 0959 C.I.A.I. - CENTRO ITA
:61:2403070307CD3014,50NTRFC536165OCP030724//2024030700277089
0483534 0103 M DURAND GILLES
:62M:C240307USD19007344,96
-}{5:{CHK:455357812FE3}{DLM:}}{S:{COP:S}}