{1:F21CADIKHPPAXXX6650916866}{4:{177:2403111016}{451:0}}{1:F01CADIKHPPAXXX6650916866}{2:O9502216240307MHCBJPJTDXXX66985823982403110916N}{4:
:20:ST 0307/7063010
:25:7063010JPY
:28C:43/1
:60F:C240307JPY52668750,
:61:2403070307CY735000,S202478-3732389//TRF0203432890
B/O MUFG BANK, LTD.
:61:2403070307DY442827,S103FT240660X150//TCT0101719848
I/O RESONA BANK, LTD
:62F:C240307JPY52960923,
-}{5:{CHK:029F9D838E24}{DLM:}}{S:{COP:S}}