{1:F21CADIKHPPAXXX6650916925}{4:{177:2403111017}{451:0}}{1:F01CADIKHPPAXXX6650916925}{2:O9502009240307SCBLUS33BXXX30650131152403110917N}{3:{108:202403070008624}}{4:
:20:2024376139143
:25:3582050368001
:28C:3817/4
:60M:C240307USD20012639,27
:61:2403070307DD1205,70NTRFCB-SCBL/USD1205//2024030700163556
247672 0257 CHIPS BEN BARCLAYS BAN
:61:2403070307DD1709,84NTRFCB-SCBL/USD1709//2024030700078603
105468 0257 CHIPS BEN BARCLAYS BAN
:61:2403070307DD9900,00NTRFFT24067T8JQD//2024030700115654
169796 0959 BANK AMERICA, N.A.
:61:2403070307DD10745,48NTRFFT24067YV76Y//2024030700184721
CDT.PING AN BANK CO LTD
:61:2403070307DD16200,00NTRFFT24067TPDNB//2024030700172963
CDT.JSC BANK FOR INVESTMENT AND
:61:2403070307DD21700,50NTRFFT24067KGN54//2024030700148244
226778 0959 BANK AMERICA, N.A.
:61:2403070307DD24783,00NTRFFT24067CLD7T//2024030700184403
CDT.BANK OF CHINA LIMITED
:61:2403070307DD28070,00NTRFFT240678BL57//2024030700120127
CDT.INDUSTRIAL AND COMML BANK OF C
:61:2403070307DD29050,00NTRFFT24067JM6LJ//2024030700180368
CDT.PT BK NEGARA INDONESIA PERSERO
:61:2403070307DD30000,00NTRFFT24067ZXC5N//2024030700121464
CDT.AGRICULTURAL BANK OF CHINA LIM
:61:2403070307DD31937,09NTRFFT24067XYKNX//2024030700176232
CDT.MUFG BANK, LTD.
:61:2403070307DD38285,00NTRFFT24067TDY8F//2024030700165087
CDT.MILITARY COMMERCIAL JOINT STOC
:61:2403070307DD40000,00NTRFFT240676Q6CP//2024030700171438
262871 0108 HSBC BANK USA, N.A.
:62M:C240307USD19729052,66
-}{5:{CHK:98082F37C0D5}{DLM:}}{S:{COP:S}}