{1:F21CADIKHPPAXXX6650916826}{4:{177:2403111016}{451:0}}{1:F01CADIKHPPAXXX6650916826}{2:O9500407240308OCBCSGSGAXXX90341587162403110916N}{4:
:20:ACU2024030700078
:25:503257594201
:28C:55/1
:60F:C240306CAD336176,36
:61:2403070307D9700,NMSCFT24066C5SC8//CT0031053421M001
CALL A/C WDL
:61:2403070307C9700,NMSCCAF0235183410/02//TI240306S4125000
CALL A/C TT DEP
:61:2403070307C165800,NMSCMXFXD153599171//TI240306S4040200
CALL A/C TT DEP
:61:2403070307D165800,NMSCFT24066T90KX//CT0031056489M001
CALL A/C WDL
:61:2403070307D10742,40NMSCFT24067MXWNY//CT0031065672M001
CALL A/C WDL
:62F:C240307CAD325433,96
-}{5:{CHK:7975319E5E51}{DLM:}}{S:{COP:S}}