{1:F21CADIKHPPAXXX6650916871}{4:{177:2403111016}{451:0}}{1:F01CADIKHPPAXXX6650916871}{2:O9502218240307COBADEFFGXXX21831954442403110916N}{4:
:20:00OPAR9ZJ163CGN0
:25:400887778900 EUR
:28C:48/1
:60F:C240306EUR210386,55
:61:2403070307D570,NTRFFT240677JMYB//FAAS406704265900
:61:2403070307D643,5NTRFFT24067BTDQX//AZCS406704045300
:61:2403070307D3099,91NTRFFT24067RGD5R//FAAS406704246200
:61:2403070307D9166,NTRFFT2406716PYQ//FAAS406703931200
:61:2403070307C7507,94S103FAAC406705559200//FAAC406705559200
:61:2403070307C20000,S103FAAN406701568600//FAAN406701568600
:62F:C240307EUR224415,08
:64:C240307EUR224415,08
-}{5:{CHK:2EC1223F369A}{DLM:}}{S:{COP:S}}