{1:F21CADIKHPPAXXX6650916933}{4:{177:2403111017}{451:0}}{1:F01CADIKHPPAXXX6650916933}{2:O9501940240307CHASUS33PXXX03095783642403110917N}{3:{108:DDA03071109377}}{4:
:20:ST03070652213098
:25:652213098
:28C:00046/00002
:60M:C240307USD35394892,36
:61:240307CD22075,00S103NONREF//4097588067FS
HUA XIA BANK CO., LIMITED. BEIJING
:61:240307CD20000,00S103NONREF//4080678067FS
HUA NAN COMMERCIAL BANK LTD TAIPEI
:61:240307CD13955,00S103NONREF//6066544067FS
ANZ BANK (VIETNAM) LIMITED HANOI V
:61:240307CD8681,69NTRFNONREF//6452000067JO
WISE US, INC. NEW YORK NY 10010- U
:61:240307CD8016,80NTRFNONREF//3583914067ES
RTGMD GROUP LLC CARROLLTON TX 7501
:61:240307CD4880,00S103NONREF//6624633067FS
NONGHYUP BANK SEOUL KOREA REPUBLIC
:61:240307CD4318,09NTRFNONREF//0711800067JO
WISE US, INC. NEW YORK NY 10010- U
:61:240307CD2485,00NTRFHK107034PI266894//0415690067FC
MR LIANG BOXUAN 4 DONG 4606, 51028
:61:240307CD2254,80S103NONREF//6837903067FS
INDUSTRIAL AND COMMERCIAL BANK OF 
:61:240307CD2036,72NTRFFT2403060140OP08//0043820067FC
MR DAVID BLACKMORE OX4 2EE UK
:61:240307CD2000,00NTRFNONREF//0736100067JO
WISE US, INC. NEW YORK NY 10010- U
:61:240307CD1172,75S103NONREF//0014538066JS
UNICREDIT BANK AG MUENCHEN GERMANY
:61:240307CD957,88S103NONREF//0410647067FS
WOORI BANK CHUNG KU SEOUL KOREA RE
:61:240307CD794,91S103NONREF//2031489066JS
DBS BANK HONG KONG LTD HONG KONG H
:61:240307CD767,42NTRFHK107034HN376823//0492960067FC
AML UNITED LIMITED , KWUN TONG KLN
:61:240307CD697,75S103NONREF//2015429066JS
UNICREDIT BANK AG MUENCHEN GERMANY
:61:240307CD270,00S103NONREF//0015078065JS
NATIXIS S A PARIS CEDEX 02 FRANCE 
:61:240307DD978000,00S103FT240659F2V4//3902692066FS
EW BK SMRINO PASADENA CA US
:61:240307DD300000,00S103FT24067B700Y//R-4160648067FS
NATIONAL AUSTRALIA BANK LIMITED ME
:61:240307DD164472,53S103FT240677YXR6//5629084067FS
BANK OF EAST ASIA LIMITED HONG KON
:62M:C240307USD34047783,64
-}{5:{CHK:52CABA237741}{DLM:}}{S:{COP:S}}