{1:F21CADIKHPPAXXX6650916970}{4:{177:2403111017}{451:0}}{1:F01CADIKHPPAXXX6650916970}{2:O9501940240307CHASUS33PXXX03095783172403110917N}{3:{108:DDA03071109376}}{4:
:20:ST03070652213098
:25:652213098
:28C:00046/00001
:60F:C240306USD31703532,41
:61:240307CD1136781,70S103NONREF//4583662066FS
BANK OF COMMUNICATIONS,CO. LTD. SH
:61:240307CD499946,99S103NONREF//2030095066JS
DBS BANK HONG KONG LTD HONG KONG H
:61:240307CD499945,00NTRFHK107034BI560269//0167880067FC
WCFO COMMUNICATION LIMITED TERRITO
:61:240307CD374614,30S103NONREF//0815269066FS
BANK OF COMMUNICATIONS,CO. LTD. SH
:61:240307CD183248,40S103NONREF//9794107066FS
BANK OF COMMUNICATIONS,CO. LTD. SH
:61:240307CD167165,33S103NONREF//0025973066JS
DBS BANK HONG KONG LTD HONG KONG H
:61:240307CD130300,16S103NONREF//2030096066JS
DBS BANK HONG KONG LTD HONG KONG H
:61:240307CD99944,00S103NONREF//5539914067FS
DAH SING BANK LTD HONG KONG HONG K
:61:240307CD91824,54NTRFNONREF//3117244067ES
HF DESIGN LLC HICKSVILLE NY 11801-
:61:240307CD86163,60S103NONREF//5545454067FS
THE GIFU SHINKIN BANK GIFU JAPAN 5
:61:240307CD79254,83S103NONREF//5531284067FS
THE GIFU SHINKIN BANK GIFU JAPAN 5
:61:240307CD64298,34NTRFNONREF//3089744067ES
WORLDWIDE FLOORING INC KENNESAW GA
:61:240307CD60675,32NTRFNONREF//6072500066JO
UNITED STATES LUGGAGE COMPANY,LLC 
:61:240307CD38946,20S103NONREF//1475029067FS
BANK OF COMMUNICATIONS CO LTD SHAN
:61:240307CD37564,15NTRFHK107034BI565183//1177890067FC
HONGKONG YOTAS INTERNATIONAL ATSUI
:61:240307CD30000,00S103NONREF//5750314067FS
HUA NAN COMMERCIAL BANK LTD TAIPEI
:61:240307CD29975,00NTRFHK107034BI561641//0245250067FC
COBEST HONG KONG CO LIMITED SHANGH
:61:240307CD29524,12S103NONREF//5864124067FS
POSTAL SAVINGS BANK OF CHINA CO., 
:61:2403060307CD26187,97S103NONREF//5171504066FS
UNITED OVERSEAS BANK (MALAYSIA) KU
:61:240307CD25000,00NTRFNONREF//3399094067ES
KANHA VUOCH BROWNSBURG IN 46112-76
:62M:C240307USD35394892,36
-}{5:{CHK:48857F230234}{DLM:}}{S:{COP:S}}