{1:F21CADIKHPPAXXX6650916851}{4:{177:2403111016}{451:0}}{1:F01CADIKHPPAXXX6650916851}{2:O9500420240308COMMCNSHASHI42545042782403110916N}{4:
:20:CADI2024CNY00000
:25:310066726018170089591
:28C:1352/1
:60F:C240306CNY42545801,83
:61:2403070307CY76000,NTRFKTPP191492//CN12870813A
:62F:C240307CNY42621801,83
:64:C240307CNY42621801,83
-}{5:{CHK:6037FA360A3D}{DLM:}}{S:{COP:S}}