{1:F21CADIKHPPAXXX6650916940}{4:{177:2403111017}{451:0}}{1:F01CADIKHPPAXXX6650916940}{2:O9500123240309KOEXKRSEAXXX64672401592403110917N}{3:{108:2403119000147600}}{4:
:20:KEB HANA BANK
:25:963-THR-230-01-0
:28C:04915/001
:60F:C240308USD635779,79
:61:2403080308CD150,49NTRF1398OTT240302654//1398TBR243080004
1398OTT240302654Wongok-Dong Foreig
:61:2403080308CD1004,04NTRF0419OTT240301529//0419TBR243080001
0419OTT240301529Juyeop-yeok Bankin
:61:2403080308CD1070,NTRF1256OTT240300106//1256TBR243080002
1256OTT240300106Seoyeouido Banking
:61:2403080308CD5000,NTRF0591OTT240300092//0591TBR243080003
0591OTT240300092Gangnam
:62F:C240308USD643004,32
-}{5:{CHK:F19CCFBA15DB}{DLM:}}{S:{COP:S}}