{1:F21CADIKHPPAXXX6650916990}{4:{177:2403111018}{451:0}}{1:F01CADIKHPPAXXX6650916990}{2:O9502009240308SCBLUS33AXXX13518065332403110918N}{3:{108:202403080006728}}{4:
:20:2024386143987
:25:3582050368002
:28C:3112/1
:60F:C240307USD3205403,78
:61:2403080308CD6398,92NTRFCAP OF 24.03.06//2024030800043346
021000021 MASTERCARD INTERNATIONAL
:61:2403080308CD26469,86NTRFCAP OF 24.03.08//2024030800227830
021000021 MASTERCARD INTERNATIONAL
:61:2403080308DD102,68NTRF2024030800085140//2024030800055751
0308B1Q9282C000521 CANADIA BANK PL
:61:2403080308DD29438,50NTRF2549200068JO//2024030800216232
0308B1Q9282C003899 CANADIA BANK PL
:62F:C240308USD3208731,38
:64:C240308USD3208731,38
-}{5:{CHK:A4D56C9D60F0}{DLM:}}{S:{COP:S}}