{1:F21CADIKHPPAXXX6650916825}{4:{177:2403111016}{451:0}}{1:F01CADIKHPPAXXX6650916825}{2:O9500407240308OCBCSGSGAXXX90341587132403110915N}{4:
:20:ACU2024030700080
:25:503257610201
:28C:55/1
:60F:C240306GBP40213,07
:61:2403070307D10000,NMSCFT240668D606//CT0031053537M001
CALL A/C WDL
:61:2403070307C46750,NMSCCAF0235246878/02//PCM55FF26054791R
CALL A/C TT DEP
:62F:C240307GBP76963,07
-}{5:{CHK:1E9CF03009DF}{DLM:}}{S:{COP:S}}