{1:F21CADIKHPPAXXX6650916931}{4:{177:2403111017}{451:0}}{1:F01CADIKHPPAXXX6650916931}{2:O9502009240307SCBLUS33BXXX30650131302403110917N}{3:{108:202403070008625}}{4:
:20:2024376139143
:25:3582050368001
:28C:3817/5
:60M:C240307USD19729052,66
:61:2403070307DD45039,00NTRFFT240675S6XS//2024030700180824
286708 0002 JP MORGAN CHASE BANK N
:61:2403070307DD45560,00NTRFFT24067PC2SW//2024030700170567
CDT.BANK OF CHINA LIMITED
:61:2403070307DD50000,00NTRFFT24059HQ1H1//2024022800166752
CDT.CHINA MERCHANTS BANK CO LTD
:61:2403070307DD50000,00NTRFFT24067DF7YF//2024030700179242
282742 0959 BANK AMERICA, N.A.
:61:2403070307DD65803,66NTRFFT240675FX2Z//2024030700178226
279871 0001 BANK OF NEW YORK MELLO
:61:2403070307DD66259,48NTRFFT2406753LKS//2024030700127852
190476 0008 CITIBANK N.A.
:61:2403070307DD80105,63NTRFFT24067N4KSN//2024030700119720
176534 0959 BANK AMERICA, N.A.
:61:2403070307DD167914,06NTRFFT240676JQ52//2024030700115154
CDT.VIETNAM JOINT STOCK COMMERCIAL
:61:2403070307DD265813,35NTRFFT24067Q8FLQ//2024030700170812
CDT.SAIGON THUONG TIN COMMERCIAL J
:62F:C240307USD18892557,48
:64:C240307USD18892557,48
-}{5:{CHK:9EDF8CBDBD47}{DLM:}}{S:{COP:S}}