{1:F21CADIKHPPAXXX6650916979}{4:{177:2403111018}{451:0}}{1:F01CADIKHPPAXXX6650916979}{2:O9502319240308SCBLDEFXCXXX01663384042403110917N}{3:{108:202403080450352}}{4:
:20:0308119457000001
:25:018122207
:28C:2998/1
:60F:C240307EUR216514,15
:61:2403080308DR20,00NTRFFT24065D6ZQ0//240308022975
:61:2403080308CR386,45NTRF240308044911//240308044911
ORP 1/DIAGAST BNP 0010005258947 1/
:61:2403080308DR20,00NTRFFT2406757ZZW//240308097952
:61:2403080308DR387,95NTRFCB-SCBL/240305//240308086577
:62F:C240308EUR216472,65
:64:C240308EUR216472,65
-}{5:{CHK:69AE8933B7A0}{DLM:}}{S:{COP:S}}