{1:F21CADIKHPPAXXX6650916986}{4:{177:2403111018}{451:0}}{1:F01CADIKHPPAXXX6650916986}{2:O9501947240308CHASUS33QXXX03359123812403110918N}{3:{108:DDA03081108627}}{4:
:20:ST03080652213098
:25:652213098
:28C:00047/00002
:60M:C240308USD36093278,90
:61:240308CD1185,00S103NONREF//R-0014432068JS
DBS BANK LTD SINGAPORE SINGAPORE 0
:61:240308CD440,00NTRFNONREF//0833900068JO
PHILIPPINE AIRLINES INC PASAY CITY
:61:240308CD348,75NTRFNONREF//0911400068JO
WISE US, INC. NEW YORK NY 10010- U
:61:240308CD20,00NTRFNONREF//3127534068ES
DAVID H BROWNE BREVARD NC 28712 US
:62F:C240308USD36095272,65
:64:C240308USD36095272,65
-}{5:{CHK:9A78B8376648}{DLM:}}{S:{COP:S}}