{1:F21CADIKHPPAXXX6650916905}{4:{177:2403111017}{451:0}}{1:F01CADIKHPPAXXX6650916905}{2:O9501926240307PNBPUS3NDNYC19102530872403110916N}{4:
:20:IS0259-04-240307
:25:2000191005174
:28C:00046/00004
:60M:C240307USD48085398,71
:61:2403070307DD4100,00NTRFFT24067KX2Y0//2024030700541039
BEN:YUSHIJIE
:61:2403070307DD4370,59NTRFFT24067DM7QN//2024030700539533
BEN:PHALLKUNN PHO AND CHAKRYA CHHO
:61:2403070307DD4900,50NTRFFT24067J7802//2024030700532488
BEN:TRUNG HAI NGHE AN GROUP JOINT
:61:2403070307DD5000,00NTRFFT24067LV7M2//2024030700541584
BEN:BENJAMIN ARAGON MAGEEAN
:61:2403070307DD6000,00NTRFFT24060YRZVW//2024030700557163
BEN:TRACEY LESTER
:61:2403070307DD6390,00NTRFFT24067MT502//2024030700514056
BEN:GUANGZHOU LIGHT HOLDINGS GENER
:61:2403070307DD7824,00NTRFCB/240331//2024030600541547
BEN:MAYBANK PHNOM PENH
:61:2403070307DD8468,25NTRFFT240678X8L2//2024030700557931
BEN:LAKPUE DRUG,INC
:61:2403070307DD9500,00NTRFFT24067VHHKN//2024030700541176
BEN:LASKENA HING
:61:2403070307DD10373,10NTRFFT240671PZVG//2024030700559860
BEN:HUNAN LISHANG TECHNOLOGY
:61:2403070307DD10540,92NTRFCB/240332//2024030600541819
BEN:MAYBANK PHNOM PENH
:61:2403070307DD11229,43NTRFFT240675BVDP//2024030700514072
BEN:IIC-INTERSPORT INTERNATIONAL
:61:2403070307DD18696,60NTRFFT240677FBNK//2024030700539346
BEN:ZHONGSHAN SILK IMP. AND EXP.GR
:62M:C240307USD47978005,32
-}{5:{CHK:2CF1AFD90100}{DLM:}}{S:{COP:S}}