{1:F21CADIKHPPAXXX6650916958}{4:{177:2403111017}{451:0}}{1:F01CADIKHPPAXXX6650916958}{2:O9501926240307PNBPUS3NANYC91099630752403110917N}{4:
:20:IS0259-05-240307
:25:2000191005174
:28C:00046/00005
:60M:C240307USD47978005,32
:61:2403070307DD19999,99NTRFFT24067D7MCF//2024030700559442
BEN:NINGBO JOYWIND FOREIGN TRADE
:61:2403070307DD20000,00NTRFFT240679MSFW//2024030700514057
BEN:GUANGXI FEISHENG INTERNATIONAL
:61:2403070307DD24848,00NTRFFT24067YRH76//2024030700552078
BEN:GUANGZHOU XINTANG SHALLOW POWE
:61:2403070307DD27094,36NTRFFT24067MBS9P//2024030700541483
BEN:SHANDONG CHANGHUI MEIDE DECORA
:61:2403070307DD30659,05NTRFFT240672H9RN//2024030700554042
BEN:HANGZHOU SFR TECHNOLOGY CO.LTD
:61:2403070307DD31740,00NTRFFT24067JHGWS//2024030700548856
BEN:MEIHUA GROUP INTERNATIONAL TRA
:61:2403070307DD35851,22NTRFFT24067ZHQTJ//2024030700514055
BEN:ZHONGSHAN NIUDI OPTOELECTRONIC
:61:2403070307DD36388,41NTRFFT2406741JKK//2024030700555350
BEN:PINNACLE BIM TECHNOLOGY PTE,LT
:61:2403070307DD40000,00NTRFFT24067F8HVT//2024030700555869
BEN:THO NARITH
:61:2403070307DD45000,00NTRFFT240674027V//2024030700552654
BEN:HULUNBEIER NORTHEAST FUFENG
:61:2403070307DD46915,20NTRFFT24067M820B//2024030700514051
BEN:CELESTIAL VENTURES SDN BHD
:61:2403070307DD49920,00NTRFFT24066MQ2QK//2024030700531921
BEN:FENG HUANHUI
:61:2403070307DD50000,00NTRFFT2406770K06//2024030700556347
BEN:KOK YIP KHUONG OF MR KOK JACQU
:62M:C240307USD47519589,09
-}{5:{CHK:D43D53AEEFB9}{DLM:}}{S:{COP:S}}