{1:F21CADIKHPPAXXX6650916873}{4:{177:2403111016}{451:0}}{1:F01CADIKHPPAXXX6650916873}{2:O9502218240307COBADEFFCXXX50514371062403110916N}{4:
:20:00OPAR9ZJ163CGN0
:25:400887778900 USD
:28C:44/1
:60F:C240306USD165478,23
:61:2403070307D59548,98NFEXMFX:F:F:16710280//CAF0235246878/02
:62F:C240307USD105929,25
:64:C240307USD105429,25
-}{5:{CHK:6E27F12A11D3}{DLM:}}{S:{COP:S}}