{1:F21CADIKHPPAXXX6650916939}{4:{177:2403111017}{451:0}}{1:F01CADIKHPPAXXX6650916939}{2:O9502218240308COBADEFFGXXX21832137252403110917N}{4:
:20:00OPAR9ZJ163CGN0
:25:400887778900 USD
:28C:45/1
:60F:C240307USD105929,25
:61:2403080308D13165,81NFEXMFX:F:F:16709485//CAF0235237540/02
:62F:C240308USD92763,44
:64:C240308USD92763,44
-}{5:{CHK:7374A7CBC378}{DLM:}}{S:{COP:S}}