{1:F21CADIKHPPAXXX6650916894}{4:{177:2403111016}{451:0}}{1:F01CADIKHPPAXXX6650916894}{2:O9400727240308BFTVVNVXBXXX02137431742403110916N}{3:{108:TW24030813903664}}{4:
:20:0070094024000043
:25:0071370004879
:28C:43/1
:60F:C240307USD227019,
:61:240307D12480,NTRFFT2406673J4W//500951586070324
:86:REF FT2406673J4W/VAL 240306USD12480.00/33B NULLNULL/MID OA36J175
2Q8JB30Z/REL REF NULL/50 CAMBODIAN GOLDEN PEARL INDUSTRY CO.,LTD.
:61:240307D1000,NTRFFT24067R3WC7//500951883070324
:86:REF FT24067R3WC7/VAL 240307USD100000/33B NULLNULL/MID OA37H4453
4LI5OZQ/REL REF NULL/50 CAFFCO INTERNATIONAL(CAMBODIA) LTDADDR PH
:62F:C240307USD213539,
-}{5:{CHK:0E7A77688B41}{DLM:}}{S:{COP:S}}