{1:F21CADIKHPPAXXX6650916993}{4:{177:2403111018}{451:0}}{1:F01CADIKHPPAXXX6650916993}{2:O9501924240308PNBPUS3NANYC91090190082403110918N}{4:
:20:IS0259-01-240308
:25:2000191005174
:28C:00047/00001
:60F:C240308USD100000,00
:61:2403080308CD285,00NTRFSWF OF 24/03/07//2024030800506523
B/O:RCI ASIA-PACIFIC SINGAPORE LLC
:61:2403080308CD959,00NTRFFT24034XZ2XQ//2024030800554423
B/O:CS1 INTERCOMPANY ACCOUNT
:61:2403080308CD1514,13NTRF2024030800646521//2024030800646550
B/O:VOLUMECOCOMO
:61:2403080308CD2000,00NTRFTT BKHG40273MNYN//2024030800633522
B/O:LUCY ELECTRIC (THAILAND) LIMIT
:61:2403080308CD2500,00NTRFTTB0310202426637//2024030800527878
B/O:ASIA SOCKS INC.
:61:2403080308CD2786,56NTRF2024030800646508//2024030800646557
B/O:VOLUMECOCOMO
:61:2403080308CD3100,00NTRF2024030800540373//2024030800540388
B/O:TAKIHYO (SHANGHAI) CO.,LTD.
:61:2403080308CD3366,62NTRF2024030800570524//2024030800570524
B/O:PHUONG HOANG IMPORT EXPORT
:61:2403080308CD6290,00NTRF2024030800619405//2024030800619405
B/O:GATE 1, LTD 455 MARYLAND DR F
:61:2403080308CD7760,00NTRF2024030800619398//2024030800619398
B/O:GATE 1, LTD 455 MARYLAND DR F
:61:2403080308CD10000,00NTRF067-3601444//2024030800537927
B/O:MUFG BANK, LTD.
:61:2403080308CD28800,00NTRF2024030800623443//2024030800623443
B/O:MARSHALLS OF MA INC
:61:2403080308CD29466,84NTRF2024030800550603//2024030800550603
B/O:HONGKONG VASKY COMMERCIAL TRAD
:62M:C240308USD198828,15
-}{5:{CHK:DA3D7DC45112}{DLM:}}{S:{COP:S}}