{1:F21CADIKHPPAXXX6650916835}{4:{177:2403111016}{451:0}}{1:F01CADIKHPPAXXX6650916835}{2:O9500235240308KASITHBKAXXX57136700262403110916N}{4:
:20:RECORDDIVHO
:25:099 9 21409 6
:28C:47/00001
:60F:C240307USD17965163,48
:61:240307DD707311,00S103FT24059X56SS
IR24192316VALUEDATE07MAR24
:61:240307DD1987,99NTRFMXFCD132482404
MXFCD132482404VALUEDATE07MAR24
:61:240307DD49793,14NTRFMXFCD132483305
MXFCD132483305VALUEDATE07MAR24
:61:240307DD14000020,00NTRFOR24032525
OR24032525VALUEDATE07MAR24
:61:240307DD49824,17NTRFMXFCD132490175
MXFCD132490175VALUEDATE07MAR24
:61:240307DD162164,16NTRFMXFCD132496253
MXFCD132496253VALUEDATE07MAR24
:61:240307CD10500000,00NTRFOR24032700
OR24032700VALUEDATE07MAR24
:61:240307DD50000,00S103FT24066N59FC
IR24193313VALUEDATE07MAR24
:61:240307DD10000020,00NTRFOR24033036
OR24033036VALUEDATE07MAR24
:62F:C240307USD3444043,02
:64:C240307USD3444043,02
-}{5:{CHK:2973963CC693}{DLM:}}{S:{COP:S}}