{1:F21CADIKHPPAXXX6650916992}{4:{177:2403111018}{451:0}}{1:F01CADIKHPPAXXX6650916992}{2:O9502009240308SCBLUS33BXXX30661817012403110918N}{3:{108:202403080006185}}{4:
:20:2024386143979
:25:3582050368001
:28C:3818/3
:60M:C240308USD19340241,05
:61:2403080308CD122918,60NTRFS064068126F401//2024030800168716
0259615 0008 MONEYGRAM PAYMENT SYS
:61:2403080308CD204194,08NTRFHUX33OR2450570//2024030800040778
FROM.CHINA CONSTRUCTION BANK CORPO
:61:2403080308CD300260,00NTRF0108032426960135//2024030800129461
FROM.JOINT STOCK COMMERCIAL BANK F
:61:2403080308CD368556,39NTRFF9S2403064552900//2024030800046115
0022094 0001 INDUSTRIA RACCORDERIE
:61:2403080308CD1088592,74NTRF2024030800161167//2024030800130195
0199655 0959 1/FORTE INTERNATIONAL
:62F:C240308USD21424762,86
:64:C240308USD21424762,86
-}{5:{CHK:01F052459D67}{DLM:}}{S:{COP:S}}