{1:F21CADIKHPPAXXX6650916961}{4:{177:2403111017}{451:0}}{1:F01CADIKHPPAXXX6650916961}{2:O9502216240308MHCBJPJTBXXX70479802982403110917N}{4:
:20:ST 0308/7063010
:25:7063010JPY
:28C:44/1
:60F:C240308JPY52960923,
:61:2403080308CY300000,S202547TTJ-28395751//TRF0203435078
B/O SUMITOMO MITSUI BANKING CORPOR
:61:2403080308DY1032150,S103FT24067BPJTK//TCT0101722154
I/O RESONA BANK, LTD
:62F:C240308JPY52228773,
-}{5:{CHK:46E6DD790237}{DLM:}}{S:{COP:S}}