{1:F21CADIKHPPAXXX6650916829}{4:{177:2403111016}{451:0}}{1:F01CADIKHPPAXXX6650916829}{2:O9500408240308OCBCSGSGAXXX90341587612403110916N}{4:
:20:ACU2024030700112
:25:503540270301
:28C:55/1
:60F:C240306USD23616877,19
:61:2403070307C158641,81NMSCSGTT240307917319//CT0031062661M001
CHECKING A/C DEP
:61:2403070307C50885,66NMSCSGTT240307917333//CT0031062717M001
CHECKING A/C DEP
:62F:C240307USD23826404,66
-}{5:{CHK:005ECF88A896}{DLM:}}{S:{COP:S}}