{1:F21CADIKHPPAXXX6650916935}{4:{177:2403111017}{451:0}}{1:F01CADIKHPPAXXX6650916935}{2:O9500408240309OCBCSGSGAXXX90361912442403110917N}{4:
:20:ACU2024030800082
:25:503257602201
:28C:56/1
:60F:C240307NZD19678,17
:61:2403080308C110,NMSCBNZCPS0027040275//CT0031072155M001
CALL A/C DEP
:62F:C240308NZD19788,17
-}{5:{CHK:4BCCCF631CBE}{DLM:}}{S:{COP:S}}