{1:F21CADIKHPPAXXX6650916985}{4:{177:2403111018}{451:0}}{1:F01CADIKHPPAXXX6650916985}{2:O9501947240308CHASUS33EXXX26752479672403110917N}{3:{108:DDA03081108626}}{4:
:20:ST03080652213098
:25:652213098
:28C:00047/00001
:60F:C240307USD33609743,43
:61:240308CD607356,38S103NONREF//1917067068FS
BANGKOK BANK PUBLIC CO LTD BANGKOK
:61:240308CD499970,00S103NONREF//2029366067JS
DBS BANK HONG KONG LTD HONG KONG H
:61:240308CD349970,00S103NONREF//7693564068FS
BANGKOK BANK PUBLIC CO LTD BANGKOK
:61:240308CD319970,00NTRFHK108034PI267798//0130620068FC
MR SHANGGUAN BINGCHANG INGAPORE
:61:240308CD300000,00S103NONREF//0029928067JS
DBS BANK HONG KONG LTD HONG KONG H
:61:240308CD79954,00S103NONREF//1753847068FS
THE HOKKOKU BANK LTD ISHIKAWA JAPA
:61:240308CD67503,00S103NONREF//0030409067JS
DBS BANK HONG KONG LTD HONG KONG H
:61:240308CD63666,20NTRFHK108034HN377719//0136210068FC
SPIN MASTER TOYS FAR EAST LIMITED 
:61:240308CD49077,09NTRFRGF240003//3273831068EZ
PNC BANK NATIONAL ASSOCIATION AKRO
:61:240308CD43403,80NTRFFRN08034G666RS00//0212400068FC
WENG SE 75010
:61:240308CD32593,40NTRFNONREF//5790300068JO
NEW YORK PACKAGING II LLC NEW HYDE
:61:240308CD25391,60NTRFAEH08034BA66QMPS//0090620068FC
SUN SAND SPORTS (L.L.C) OX 7011 DU
:61:240308CD19784,68S101AP0000368012//3887979068FS
ABERCROMBIE FITCH MANAGEMENT CO NE
:61:240308CD9955,00S103NONREF//0006142068JS
DBS BANK HONG KONG LTD HONG KONG H
:61:240308CD6000,00NTRFNONREF//3493594068ES
ARRON SOK CHHOUR OR PICHCHHAMA PRU
:61:240308CD2545,74NTRFNONREF//1453600068JO
WISE US, INC. NEW YORK NY 10010- U
:61:240308CD2000,00NTRFNONREF//1351300068JO
WISE US, INC. NEW YORK NY 10010- U
:61:240308CD1818,50S103NONREF//7691604068FS
INDUSTRIAL AND COMMERCIAL BANK CEN
:61:240308CD1334,08NTRFNONREF//7973000068JO
WISE US, INC. NEW YORK NY 10010- U
:61:240308CD1242,00S103NONREF//7623794068FS
OCEAN COMMERCIAL ONE MEMBER LIMITE
:62M:C240308USD36093278,90
-}{5:{CHK:57528E7D0525}{DLM:}}{S:{COP:S}}