{1:F21CADIKHPPAXXX6650916994}{4:{177:2403111018}{451:0}}{1:F01CADIKHPPAXXX6650916994}{2:O9501924240308PNBPUS3NANYC91090190102403110918N}{4:
:20:IS0259-02-240308
:25:2000191005174
:28C:00047/00002
:60M:C240308USD198828,15
:61:2403080308CD336235,85NTRF2024030800536872//2024030800536872
B/O:KASHION INDUSTRY LIMITED ADD.R
:61:2403080308CD47033443,21NMSCINVESTMNT 030724//V035711/030824
  4441.63 INT  3.40000 PCT. 1 DAY
:61:2403080308DD47468507,21NMSCINVESTMNT 030824//V035711/030824
INVESTMENT PLACED AT  3.40000 PCT.
:62F:C240308USD100000,00
:64:C240308USD100000,00
-}{5:{CHK:A2CBE7DF04BE}{DLM:}}{S:{COP:S}}