{1:F21CADIKHPPAXXX6650916886}{4:{177:2403111016}{451:0}}{1:F01CADIKHPPAXXX6650916886}{2:O9500407240308OCBCSGSGAXXX90341586742403110916N}{4:
:20:ACU2024030700077
:25:503257586201
:28C:55/1
:60F:C240306AUD12333,71
:61:2403070307C581929,NMSCMXFXD153533974//ICP/3011-644884
CALL A/C TT DEP
:61:2403070307C95144,NMSCMXFXD153563110//ICP/3011-644503
CALL A/C TT DEP
:61:2403070307D581929,56NMSCFT24066TCG33//CT0031047676M001
CALL A/C WDL
:61:2403070307D76080,34NMSCFT240662G4GS//CT0031049663M001
CALL A/C WDL
:61:2403070307D12000,NMSCFT24067L64PT//CT0031060408M001
CALL A/C WDL
:62F:C240307AUD19396,81
-}{5:{CHK:26219189A21D}{DLM:}}{S:{COP:S}}